/home/bochkarev/Dropbox/bibliography/references.bib